@Article{AR,
author = {Aw, A. and Rascle, M.},
title = {Resurrection of second order models of traffic flow},
journal = {SIAM Journal of Applied Mathematics},
year = {2000},
volume = {60},
number = {3},
pages = {916--938},
}

@Article{Dag_requiem,
author = {Daganzo, C.},
title = {Requiem for second-order fluid approximations of traffic flow},
journal = {Transportation Res. Part B},
year = {1995},
volume = {29},
number = {4},
pages = {277--286},
}

@Article{Fan,
author = {Fan, S. and Herty, M. and Seibold, B.},
title = {Comparative model accuracy of a data-fitted generalized Aw-Rascle-Zhang model},
journal = {Networks and Heterogeneous Media},
year = {2014},
volume = {9},
number = {2},
pages = {239--268},
}

@Article{R_improved,
author = {Rascle, M.},
title = {An improved macroscopic model of traffic flow: derivation and links with the Lighthill-Whitham model},
journal = {Mathematical and computer modelling},
year = {2002},
volume = {35},
pages = {581--590},
}

@Article{Z,
author = {Zhang, H. M.},
title = {A non-equilibrium traffic model devoid of gas-like behavior},
journal = {Transportation Res. Part B},
year = {2002},
volume = {36},
pages = {275--290},
}

@Book{Litrico,
author = {Litrico, X. and Fromion, V.},
title = {Modeling and Control of Hydrosystems},
publisher = {Springer},
year = {2009},
}

@INPROCEEDINGS{Hofleitner, 
author={Hofleitner, A. and Claudel, C. and Bayen, A.}, 
booktitle={American Control Conference (ACC), 2012}, 
title={Reconstruction of boundary conditions from internal conditions using viability theory}, 
year={2012}, 
month={June}, 
pages={640-645},
doi={10.1109/ACC.2012.6314947}, 
ISSN={0743-1619},}

@Article{LW,
author = {Lighthill, M. J. and Whitham, J. B},
title = {On kinematic waves. \uppercase{II}: A Theory of traffic flow on long crowded roads.},
journal = {Proc. Royal. Soc.},
year = {1955},
pages = {317-345},
}

@Article{Richards,
jstor_articletype = {research-article},
title = {Shock Waves on the Highway},
author = {Richards, Paul I.},
journal = {Operations Research},
jstor_issuetitle = {},
volume = {4},
number = {1},
jstor_formatteddate = {Feb., 1956},
pages = {pp. 42-51},
url = {http://www.jstor.org/stable/167515},
ISSN = {0030364X},
year = {1956},
publisher = {INFORMS},
copyright = {Copyright © 1956 INFORMS},
}

@Article{Newel,
jstor_articletype = {research-article},
title = {Nonlinear Effects in the Dynamics of Car Following},
author = {Newell, G. F.},
journal = {Operations Research},
jstor_issuetitle = {},
volume = {9},
number = {2},
jstor_formatteddate = {Mar. - Apr., 1961},
pages = {pp. 209-229},
url = {http://www.jstor.org/stable/167493},
ISSN = {0030364X},
language = {English},
year = {1961},
publisher = {INFORMS},
copyright = {Copyright © 1961 INFORMS},
}

@book{whitham1974linear,
title={Linear and Nonlinear Waves},
author={Whitham, G. B.},
isbn={9780471940906},
lccn={74002070},
series={A Wiley-Interscience publication},
year={1974},
publisher={Wiley}
}

@book{payne1971models,
title={Models of Freeway Traffic and Control},
author={Payne, H. J.},
year={1971},
publisher={Simulation Councils, Incorporated}
}

@article{Jin2003207,
title = "The formation and structure of vehicle clusters in the Payne–Whitham traffic flow model ",
journal = "Transportation Research Part B: Methodological ",
volume = "37",
number = "3",
pages = "207 - 223",
year = "2003",
note = "",
issn = "0191-2615",
doi = "http://dx.doi.org/10.1016/S0191-2615(02)00008-5",
url = "http://www.sciencedirect.com/science/article/pii/S0191261502000085",
author = "W.L. Jin and H.M. Zhang",
}

@article{2002,
jstor_articletype = {research-article},
title = {Derivation of Continuum Traffic Flow Models from Microscopic Follow-the-Leader Models},
author = {Aw, A. and Klar, A. and Materne, T. and Rascle, M.},
journal = {SIAM Journal on Applied Mathematics},
jstor_issuetitle = {},
volume = {63},
number = {1},
jstor_formatteddate = {Aug. - Nov., 2002},
pages = {pp. 259-278},
url = {http://www.jstor.org/stable/3648770},
ISSN = {00361399},
language = {English},
year = {2002},
publisher = {Society for Industrial and Applied Mathematics},
copyright = {Copyright © 2002 Society for Industrial and Applied Mathematics},
}
