@Article{AR,
author = {Aw, A. and Rascle, M.},
title = {Resurrection of second order models of traffic flow},
journal = {SIAM Journal of Applied Mathematics},
year = {2000},
volume = {60},
number = {3},
pages = {916--938},
}

@article{MicroToMacro,
author = {Aw, A. and Klar, A. and Materne, T. and Rascle, M.},
title = {Derivation of Continuum Traffic Flow Models from Microscopic Follow-the-Leader Models},
journal = {SIAM Journal on Applied Mathematics},
volume = {63},
number = {1},
pages = {259--278},
year = {2002},
}

@Article{berthelin2008model,
  title={A model for the formation and evolution of traffic jams},
  author={Berthelin, Florent and Degond, Pierre and Delitala, Marcello and Rascle, Michel},
  journal={Archive for Rational Mechanics and Analysis},
  volume={187},
  number={2},
  pages={185--220},
  year={2008},
  publisher={Springer},
}


@article{Chen2012,
title = {A behavioral car-following model that captures traffic oscillations},
journal = {Transp. Res. Part B},
author = {Danjue Chen and Jorge Laval and Zuduo Zheng and Soyoung Ahn},
volume = {46},
number = {6},
pages = {744--761},
year = {2012},
}
@Article{daganzo1994cell,
title={The cell transmission model: A dynamic representation of highway traffic consistent with the hydrodynamic theory},
author={Daganzo, Carlos F.},
journal={Transp. Res. Part B},
volume={28},
number={4},
pages={269--287},
year={1994},
}
@article{daganzo1995cell,
  title={The cell transmission model, part II: network traffic},
  author={Daganzo, C. F.},
  journal={Transp. Res. Part B},
  volume={29},
  number={2},
  pages={79--93},
  year={1995},
}
@Article{Dag_requiem,
author = {Daganzo, C. F.},
title = {Requiem for second-order fluid approximations of traffic flow},
journal = {Transp. Res. Part B},
year = {1995},
volume = {29},
number = {4},
pages = {277--286},
}

@Article{Fan,
author = {Fan, S. and Herty, M. and Seibold, B.},
title = {Comparative model accuracy of a data-fitted generalized Aw--Rascle--Zhang model},
journal = {Networks and Heterogeneous Media},
year = {2014},
volume = {9},
number = {2},
pages = {239--268},
}

@Article{Flynn09self-sustainednonlinear,
author = {M. R. Flynn and A. R. Kasimov and J. -c. Nave and R. R. Rosales and B. Seibold},
title = {Self-sustained nonlinear waves in traffic flow},
journal = {Physical Review E},
volume={79},
year = {2009},
pages = {056113},
}

@Article{Godunov,
author={Godunov, S. K.},
title={A Difference Scheme for Numerical Solution of Discontinuous Solution of Hydrodynamic Equations},
journal={Math. Sbornik},
volume={47},
pages={271--306},
year={1969},
}

@Article{Greenbergflux,
author = {Harold Greenberg},
title = {An analysis of traffic flow},
journal = {Operations Research},
year = {1959},
volume = {7},
number = {1},
pages = {79--85},
}

@Article{Greenberg_congestionredux,
    author = {J. M. Greenberg},
    title = {Congestion redux},
    journal = {SIAM J. Appl. Math},
    year = {2004},
    volume = {64},
    pages = {1175--1185},
}
@article{ClustersPW,
author = {W.L. Jin and H.M. Zhang},
title = {The formation and structure of vehicle clusters in the Payne?Whitham traffic flow model},
journal = {Transportation Research Part B},
volume = {37},
number = {3},
pages = {207--223},
year = {2003},
}

@Article{Lebacque2007,
author = {Jean-Patrick Lebacque and Salim Mammar and Habib Haj-Salem},
title = {The Aw--Rascle and Zhang's model: Vacuum problems, existence and regularity of the solutions of the Riemann problem},
journal = {Transp. Res. Part B},
volume = {41},
number = {7},
pages = {710--721},
year = {2007},
}

@Article{LW,
author = {Lighthill, M. J. and Whitham, J. B},
title = {On kinematic waves. \uppercase{II}: A Theory of traffic flow on long crowded roads.},
journal = {Proc. Royal. Soc.},
year = {1955},
pages = {317--345},
}

@Article{Litricoapplic,
author = {Xavier Litrico and Vincent Fromion},
title = {H-infinity control of an irrigation canal pool with a mixed control politics},
journal = {IEEE Transactions on Control Systems Technology},
year = {2006},
volume = {14},
number = {1},
pages = {99--111},
}

@Article{GodunovARZ,
author = {Mammar, Salim and Lebacque, Jean-Patrick and Salem, Habib Haj},
title = {Riemann Problem Resolution and Godunov Scheme for the Aw-Rascle-Zhang Model},
journal = {Transportation Science},
volume = {43},
number = {4},
pages = {531--545},
year = {2009},
}
@Article{HybridLagrangian2007,
author = {Moutari, S. and Rascle, M.},
title = {A Hybrid Lagrangian Model Based on the Aw-Rascle Traffic Flow Model},
journal = {SIAM Journal on Applied Mathematics},
volume = {68},
number = {2},
pages = {413-436},
year = {2007},
}

@Article{Newell,
author = {Newell, G. F.},
title = {Nonlinear Effects in the Dynamics of Car Following},
journal = {Operations Research},
year = {1961},
volume = {9},
number = {2},
pages = {209--229},
}

@Article{Newell1993,
author = {Newell, G. F.},
title = {A simplified theory of kinematic waves in highway traffic, part \uppercase{II}: queueing at freeway bottlenecks},
journal = {Transp. Res. Part B},
year = {1993},
volume = {27},
number = {7},
pages = {289--303},
}

@article{Osher,
author = {Osher, S.},
title = {Riemann Solvers, the Entropy Condition, and Difference},
journal = {SIAM Journal on Numerical Analysis},
volume = {21},
number = {2},
pages = {217--235},
year = {1984},
}
@Article{R_improved,
author = {Rascle, M.},
title = {An improved macroscopic model of traffic flow: derivation and links with the Lighthill-Whitham model},
journal = {Mathematical and computer modelling},
year = {2002},
volume = {35},
pages = {581--590},
}

@Article{Richards,
title = {Shock Waves on the Highway},
author = {Richards, Paul I.},
journal = {Operations Research},
volume = {4},
number = {1},
pages = {42--51},
year = {1956},
}

@Article{Jamitons-multi-valued-fund,
   author = {Seibold, B. and Flynn, M.~R. and Kasimov, A.~R. and R. R. Rosales
	},
    title = {Constructing set-valued fundamental diagrams from jamiton solutions in second order traffic models},
  journal = {ArXiv e-prints},
archivePrefix = "arXiv",
   eprint = {1204.5510},
 primaryClass = "math.AP",
 keywords = {Mathematics - Analysis of PDEs, Nonlinear Sciences - Pattern Formation and Solitons, Physics - Physics and Society, 35B40, 35C07, 35L65, 35Q91, 76L05, 91C99},
     year = 2012,
    month = apr,
   adsurl = {http://adsabs.harvard.edu/abs/2012arXiv1204.5510S},
  adsnote = {Provided by the SAO/NASA Astrophysics Data System},
}
@article{Jamitons2008,
title = {Traffic jams without bottlenecks, experimental evidence for the physical mechanism of the formation of a jam},
author = {Yuki Sugiyama and Minoru Fukui and Macoto Kikuchi and Katsuya Hasebe and Akihiro Nakayama and Katsuhiro Nishinari and Shin-ichi Tadaki and Satoshi Yukawa},
year = {2008},
journal = {New J. Phys.},
}

@article{Zhang1998,
author = {H. M. Zhang},
title = {A theory of nonequilibrium traffic flow},
journal = {Transp. Res. Part B},
volume = {32},
number = {7},
pages = {485--498},
year = {1998},
}

@Article{Z,
author = {Zhang, H. M.},
title = {A non-equilibrium traffic model devoid of gas-like behavior},
journal = {Transp. Res. Part B},
year = {2002},
volume = {36},
pages = {275--290},
}

@article{Zheng2011,
title = {Freeway Traffic Oscillations: Microscopic Analysis of Formations and Propagations using Wavelet Transform},
journal = {Trans. Res. Part B},
author = {Zuduo Zheng and Soyoung Ahn and Danjue Chen and Jorge Laval},
volume = {45},
number = {9},
pages = {1378--1388},
year = {2011},
}

@article{zielke2008empirical,
  title={Empirical measurement of freeway oscillation characteristics: an international comparison},
  author={Zielke, Benjamin A and Bertini, Robert L and Treiber, Martin},
  journal={Transportation Research Record: Journal of the Transportation Research Board},
  volume={2088},
  number={1},
  pages={57--67},
  year={2008},
  publisher={Trans. Res. Board},
}

@Article{Zhang2009562,
author = {Peng Zhang and S.C. Wong and S.Q. Dai},
title = {A conserved higher-order anisotropic traffic flow model: Description of equilibrium and non-equilibrium flows},
journal = {Transp. Res. Part B},
volume = {43},
number = {5},
pages = {562--574},
year = {2009}
}



@Book{litrico2009modeling,
  title={Modeling and control of hydrosystems},
  author={Litrico, Xavier and Fromion, Vincent},
  year={2009},
  publisher={Springer},
}

@Book{whitham1974linear,
title={Linear and Nonlinear Waves},
author={Whitham, G. B.},
isbn={9780471940906},
lccn={74002070},
series={A Wiley-Interscience publication},
year={1974},
publisher={Wiley},
}

@Book{payne1971models,
title={Models of Freeway Traffic and Control},
author={Payne, H. J.},
year={1971},
publisher={Simulation Councils, Incorporated},
}

@Book{Litrico,
author = {Litrico, X. and Fromion, V.},
title = {Modeling and Control of Hydrosystems},
publisher = {Springer},
year = {2009},
}

@Book{Sturm,
author = {Terry W. Sturm},
title = {Open channel hydraulics},
publisher = {McGraw-Hill},
year = {2001},
}

@incollection{lanechangin2005,
year={2005},
isbn={978-3-540-25814-8},
booktitle={Traffic and Granular Flow 03},
title={Lane-Change Maneuvers Consuming Freeway Capacity},
url={http://dx.doi.org/10.1007/3-540-28091-X_1},
publisher={Springer Berlin Heidelberg},
keywords={freeway traffic; traffic flow theory; bottlenecks; congestion},
author={Coifman, B. and Krishnamurthy, S. and Wang, X.},
pages={3-14},
language={English},
}

@InProceedings{lanechanging2007,
author = {Ahn, Soyoung and Cassidy Michael J.},
title = {Freeway Traffic Oscillations and Vehicle Lane-Change Maneuvers},
booktitle = {17Th Int. Symp. on Transportation and Traffic Theory},
pages = {691--710},
year={2007},
publisher = {Elsevier},
}

@inproceedings{lebacque2007generic,
  title={Generic second order traffic flow modelling},
  author={Lebacque, Jean-Patrick and Mammar, Salim and Salem, Habib Haj},
  booktitle={Transportation and Traffic Theory 2007. Papers Selected for Presentation at ISTTT17},
  year={2007},
}

@InProceedings{greenshieldsflux,
author = {B. D. Greenshields},
title = {A study of traffic capacity},
booktitle = {Highway Research Board Proceedings},
pages = {448--474},
year = {1934},
}

@InProceedings{Hofleitner, 
author={Hofleitner, A. and Claudel, C. and Bayen, A.}, 
booktitle={American Control Conference}, 
title={Reconstruction of boundary conditions from internal conditions using viability theory}, 
year={2012}, 
month={June}, 
pages={640--645},
organization = {IEEE},
}


@INPROCEEDINGS{Mauch02freewaytraffic,
    author = {Michael Mauch and Michael J. Cassidy},
    title = {Freeway traffic oscillations: Observations and predictions},
    booktitle = {15th Int. Symp. on Transportation and Traffic Theory},
    year = {2002},
    pages = {653--674},
    publisher = {Elsevier},
}

@MISC{Flynn08onjamitons,
    author = {M. R. Flynn and A. R. Kasimov and J. -c. Nave and R. R. Rosales and B. Seibold},
    title = {On jamitons, self-sustained nonlinear traffic waves},
    year = {2008},
}

@TechReport{Texas,
author = {D. Schrank and B. Eisele and and T. Lomax},
title = {Urban mobility report},
institution = {Texas A and M Transportation Institute},
year = {2012},
}

@article{Wang2005141,
title = "Real-time freeway traffic state estimation based on extended Kalman filter: a general approach ",
journal = "Transportation Research Part B: Methodological ",
volume = "39",
number = "2",
pages = "141 - 167",
year = "2005",
note = "",
issn = "0191-2615",
doi = "http://dx.doi.org/10.1016/j.trb.2004.03.003",
url = "http://www.sciencedirect.com/science/article/pii/S0191261504000438",
author = "Yibing Wang and Markos Papageorgiou",
keywords = "Freeway",
keywords = "Traffic state estimation",
keywords = "Stochastic macroscopic traffic flow model",
keywords = "Extended Kalman filter",
keywords = "Model parameter estimation ",
}

@article{Papageorgiou198929,
title = "Macroscopic modelling of traffic flow on the Boulevard Peripherique in Paris ",
journal = "Transportation Research Part B: Methodological ",
volume = "23",
number = "1",
pages = "29 - 47",
year = "1989",
note = "",
issn = "0191-2615",
doi = "http://dx.doi.org/10.1016/0191-2615(89)90021-0",
url = "http://www.sciencedirect.com/science/article/pii/0191261589900210",
author = "Markos Papageorgiou and Jean-Marc Blosseville and Habib Hadj-Salem",
}

@book{edie1963discussion,
  title={Discussion of Traffic Stream Measurements and Definitions},
  author={Edie, L.C. and Port of New York Authority},
  url={http://books.google.com/books?id=3uBmYgEACAAJ},
  year={1963},
  publisher={Port of New York Authority},
}