@Article{AR,
author = {Aw, A. and Rascle, M.},
title = {Resurrection of second order models of traffic flow},
journal = {SIAM Journal of Applied Mathematics},
year = {2000},
volume = {60},
number = {3},
pages = {916--938},
}

@Book{Litrico,
author = {Litrico, X. and Fromion, V.},
title = {Modeling and Control of Hydrosystems},
publisher = {Springer},
year = {2009},
}

@Article{Z,
author = {Zhang, H. M.},
title = {A non-equilibrium traffic model devoid of gas-like behavior},
journal = {Transportation Res. Part B},
year = {2002},
volume = {36},
pages = {275--290},
}

