@INPROCEEDINGS{1184520, 
author={Petit, N. and Rouchon, P.}, 
booktitle={Decision and Control, 2002, Proceedings of the 41st IEEE Conference on}, 
title={Flatness of heavy chain systems}, 
year={2002}, 
month={Dec}, 
volume={1}, 
pages={362-367 vol.1},
}

@article{inverse,
year={2013},
issn={1017-1398},
journal={Numerical Algorithms},
volume={63},
number={2},
title={Review of inverse Laplace transform algorithms for Laplace-space numerical approaches},
publisher={Springer US},
author={Kuhlman, KristopherL.},
pages={339-355},
}

@article{degond,
  TITLE = {{Modelling and simulation of vehicular traffic jam formation}},
  AUTHOR = {Degond, Pierre and Delitala, Marcello},
  URL = {https://hal.archives-ouvertes.fr/hal-00635045},
  JOURNAL = {{Kinetic and Related Model}},
  VOLUME = {1},
  NUMBER = {2},
  PAGES = {279-293},
  YEAR = {2008},
  DOI = {10.3934/krm.2008.1.279},
  HAL_ID = {hal-00635045},
  HAL_VERSION = {v1},
}

@article{bellouquid2012towards,
  title={Towards the modeling of vehicular traffic as a complex system: A kinetic theory approach},
  author={Bellouquid, Abdelghani and De Angelis, Elena and Fermo, L},
  journal={Mathematical models and methods in applied sciences},
  volume={22},
  number={supp01},
  year={2012},
  publisher={World Scientific Publishing Company}
}